[
  {"leader": "01013nam a22002891  4500", "fields": [{"001": "id.19e9fa51d7"}, {"008": "890623s1934    mauabc   b    00100 eng e"}, {"100": {"subfields": [{"a": "Cubberley, Ellwood P.,"}, {"d": "1868-1941."}], "ind1": "1", "ind2": " "}}, {"245": {"subfields": [{"a": "Public education in the United States :"}, {"b": "a study and interpretation of American educational history /"}, {"c": "by Ellwood P. Cubberley."}], "ind1": "1", "ind2": "0"}}, {"250": {"subfields": [{"a": "Rev. and enl. ed."}], "ind1": " ", "ind2": " "}}, {"260": {"subfields": [{"a": "Boston :"}, {"b": "Houghton Mifflin,"}, {"c": "1934."}], "ind1": " ", "ind2": " "}}, {"300": {"subfields": [{"a": "xviii, 782 p. :"}, {"b": "ill., maps, ports. ;"}, {"c": "21 cm."}], "ind1": " ", "ind2": " "}}, {"490": {"subfields": [{"a": "Riverside textbooks in education"}], "ind1": "0", "ind2": " "}}, {"650": {"subfields": [{"a": "Education"}, {"z": "United States"}, {"x": "History."}], "ind1": " ", "ind2": "0"}}, {"650": {"subfields": [{"a": "Public schools"}, {"z": "United States."}], "ind1": " ", "ind2": "0"}}, {"CID": {"subfields": [{"a": "cid.826592f7f7"}], "ind1": " ", "ind2": " "}}]},
  {"leader": "01043nam a22002651  4500", "fields": [{"001": "id.0ef978caff"}, {"008": "851210s1934    mauabcf  b    00010 eng  "}, {"100": {"subfields": [{"a": "Cubberley, Ellwood Patterson,"}, {"d": "1868-1941."}], "ind1": "1", "ind2": "0"}}, {"245": {"subfields": [{"a": "Public education in the United States,"}, {"b": "a study and interpretation of American educational history,"}, {"c": "by Ellwood P. Cubberley ..."}], "ind1": "1", "ind2": "0"}}, {"250": {"subfields": [{"a": "Rev. and enl. ed."}], "ind1": " ", "ind2": " "}}, {"260": {"subfields": [{"a": "Boston,"}, {"a": "New York [etc.]"}, {"b": "Houghton Mifflin Company"}, {"c": "[c1934]"}], "ind1": "0", "ind2": " "}}, {"300": {"subfields": [{"a": ""}, {"b": "illus. (incl. maps) pl., ports., double tab., diagrs. (1 double)"}, {"c": "21 cm."}], "ind1": " ", "ind2": " "}}, {"490": {"subfields": [{"a": "Riverside textbooks in education"}], "ind1": "0", "ind2": " "}}, {"650": {"subfields": [{"a": "Education"}, {"z": "United States"}, {"x": "History."}], "ind1": " ", "ind2": "0"}}, {"650": {"subfields": [{"a": "Public schools"}, {"z": "United States."}], "ind1": " ", "ind2": "0"}}, {"CID": {"subfields": [{"a": "cid.826592f7f7"}], "ind1": " ", "ind2": " "}}]},
  {"leader": "00848nam a2200265Ku 4500", "fields": [{"001": "id.1b8daff53e"}, {"008": "971210s1926    paua     b    00010 eng d"}, {"100": {"subfields": [{"a": "Hatschek, Emil,"}, {"d": "1868- ."}], "ind1": "1", "ind2": "0"}}, {"245": {"subfields": [{"a": "Laboratory manual of elementary colloid chemistry,"}, {"c": "by Emil Hatschek"}], "ind1": "1", "ind2": "0"}}, {"250": {"subfields": [{"a": "2d ed"}], "ind1": " ", "ind2": " "}}, {"260": {"subfields": [{"a": "Philadelphia,"}, {"b": "P. Blakiston's Son & Co.,"}, {"c": "1926"}], "ind1": "0", "ind2": " "}}, {"300": {"subfields": [{"a": "ix, [11]-153 p."}, {"b": "illus., diagrs."}, {"c": "19 cm"}], "ind1": " ", "ind2": " "}}, {"650": {"subfields": [{"a": "Colloids."}], "ind1": " ", "ind2": "0"}}, {"CID": {"subfields": [{"a": "cid.065872a4fd"}], "ind1": " ", "ind2": " "}}]},
  {"leader": "00549nam a2200193K  4500", "fields": [{"001": "id.868dc615aa"}, {"008": "880512s1913    paua          00000 eng d"}, {"100": {"subfields": [{"a": "Hatschek, Emil,"}, {"d": "1868."}], "ind1": "1", "ind2": " "}}, {"245": {"subfields": [{"a": "An introduction to the physics and chemistry of colloids."}], "ind1": "1", "ind2": "3"}}, {"260": {"subfields": [{"a": "Philadelphia,"}, {"b": "P. Blakiston's Son & Co.,"}, {"c": "1913."}], "ind1": "0", "ind2": " "}}, {"300": {"subfields": [{"a": "94 p."}, {"b": "illus."}], "ind1": " ", "ind2": " "}}, {"490": {"subfields": [{"a": "Text-books of chemical research and engineering"}], "ind1": " ", "ind2": "0"}}, {"650": {"subfields": [{"a": "Colloids."}], "ind1": " ", "ind2": "0"}}, {"CID": {"subfields": [{"a": "cid.3437241274"}], "ind1": " ", "ind2": " "}}]},
  {"leader": "009336am a22002895  4500", "fields": [{"001": "id.f4eabb2891"}, {"008": "870716nuuuuuuuunyuab         000 0 eng d"}, {"245": {"subfields": [{"a": "Berlin: crisis and challenge."}], "ind1": "0", "ind2": "0"}}, {"260": {"subfields": [{"a": "New York,"}, {"b": "German Information Center"}, {"c": "[n.d.]"}], "ind1": " ", "ind2": " "}}, {"300": {"subfields": [{"a": "67 p."}, {"b": "illus., maps (1 fold.)"}, {"c": "23 cm."}], "ind1": " ", "ind2": " "}}, {"CID": {"subfields": [{"a": "cid.df396416b1"}], "ind1": " ", "ind2": " "}}]},
  {"leader": "01344nam a2200325 i 4500", "fields": [{"001": "id.78f8c51e47"}, {"008": "790626s1978    aa           f00010 eng d"}, {"110": {"subfields": [{"a": "Partia e Punës së Shqipërisë."}, {"b": "Komiteti Qëndror."}], "ind1": "2", "ind2": " "}}, {"245": {"subfields": [{"a": "Letter of the CC of the Party of Labour and the government of Albania to the CC of the Communist Party and the government of China :"}, {"c": "(July 29, 1978)."}], "ind1": "1", "ind2": "0"}}, {"260": {"subfields": [{"a": "Tirana :"}, {"b": "\"8 Nëntori,\""}, {"c": "1978."}], "ind1": " ", "ind2": " "}}, {"300": {"subfields": [{"a": "56 p. ;"}, {"c": "18 cm."}], "ind1": " ", "ind2": " "}}, {"610": {"subfields": [{"a": "Partia e Punës së Shqipërisë."}], "ind1": "2", "ind2": "0"}}, {"651": {"subfields": [{"a": "Albania"}, {"x": "Foreign relations"}, {"z": "China."}], "ind1": " ", "ind2": "0"}}, {"651": {"subfields": [{"a": "China"}, {"x": "Foreign relations"}, {"z": "Albania."}], "ind1": " ", "ind2": "0"}}, {"710": {"subfields": [{"a": "China."}, {"b": "Guo wu yuan."}], "ind1": "1", "ind2": " "}}, {"710": {"subfields": [{"a": "Zhongguo gong chan dang."}, {"b": "Zhong yang wei yuan hui."}], "ind1": "2", "ind2": " "}}, {"710": {"subfields": [{"a": "Albania."}], "ind1": "1", "ind2": " "}}, {"CID": {"subfields": [{"a": "cid.86beff449d"}], "ind1": " ", "ind2": " "}}]},
  {"leader": "01013nam a22002771a 4500", "fields": [{"001": "id.7c36ff0189"}, {"008": "890710c19881986ii       s    00000 eng  "}, {"245": {"subfields": [{"a": "Levels of living in a state setting :"}, {"b": "the case of Andhra Pradesh /"}, {"c": "R. Radhakrishna ... [et al.]."}], "ind1": "0", "ind2": "0"}}, {"260": {"subfields": [{"a": "New Delhi :"}, {"b": "Centre for Economic and Social Studies, Hyderabad, and Concept Pub. Co.,"}, {"c": "1988, c1986."}], "ind1": " ", "ind2": " "}}, {"300": {"subfields": [{"a": "250 p. ;"}, {"c": "23 cm."}], "ind1": " ", "ind2": " "}}, {"490": {"subfields": [{"a": "CESS research studies ;"}, {"v": "3"}], "ind1": "0", "ind2": " "}}, {"650": {"subfields": [{"a": "Poor"}, {"z": "India"}, {"z": "Andhra Pradesh"}, {"x": "Statistics."}], "ind1": " ", "ind2": "0"}}, {"700": {"subfields": [{"a": "Radhakrishna, R."}, {"q": "(Rokkam),"}, {"d": "1942-"}], "ind1": "1", "ind2": " "}}, {"710": {"subfields": [{"a": "Centre for Economic and Social Studies, Hyderabad."}], "ind1": "2", "ind2": " "}}, {"CID": {"subfields": [{"a": "cid.50a3151e7d"}], "ind1": " ", "ind2": " "}}]}
]
